<record><leader>00000cas a22000007a 4500</leader><controlfield tag="001">11052727</controlfield><controlfield tag="008">840814d18651872inuwr ne      0   a0eng d</controlfield><datafield ind1=" " ind2=" " tag="010"><subfield code="a">sn 84023882 </subfield></datafield><datafield ind1=" " ind2=" " tag="040"><subfield code="a">AQM</subfield><subfield code="b">eng</subfield><subfield code="c">AQM</subfield><subfield code="d">OCLCQ</subfield><subfield code="d">DLC</subfield><subfield code="d">OCLCF</subfield></datafield><datafield ind1="0" ind2=" " tag="022"><subfield code="a">2372-5281</subfield><subfield code="2">1</subfield></datafield><datafield ind1="1" ind2=" " tag="029"><subfield code="a">AU@</subfield><subfield code="b">000020338107</subfield></datafield><datafield ind1=" " ind2=" " tag="042"><subfield code="a">msc</subfield><subfield code="a">nsdp</subfield></datafield><datafield ind1=" " ind2=" " tag="043"><subfield code="a">n-us-in</subfield></datafield><datafield ind1="0" ind2="0" tag="050"><subfield code="a">Newspaper</subfield></datafield><datafield ind1="0" ind2="0" tag="082"><subfield code="a">071</subfield><subfield code="2">23</subfield></datafield><datafield ind1="0" ind2=" " tag="130"><subfield code="a">Indiana American (Brookville, Ind. : 1865)</subfield></datafield><datafield ind1=" " ind2="0" tag="222"><subfield code="a">Indiana American</subfield><subfield code="b">(Brookville, Ind. 1865. Print)</subfield></datafield><datafield ind1="1" ind2="0" tag="245"><subfield code="a">Indiana American.</subfield></datafield><datafield ind1=" " ind2=" " tag="260"><subfield code="a">Brookville, Ind. :</subfield><subfield code="b">C.H. Bingham</subfield></datafield><datafield ind1=" " ind2=" " tag="300"><subfield code="a">v. :</subfield><subfield code="b">ill. (chiefly advertisements) ;</subfield><subfield code="c">63 cm.</subfield></datafield><datafield ind1=" " ind2=" " tag="310"><subfield code="a">Weekly</subfield></datafield><datafield ind1="1" ind2=" " tag="362"><subfield code="a">Ceased in 1872.</subfield><subfield code="z">Cf. Miller, J.W. Ind. newspaper bibl.</subfield></datafield><datafield ind1=" " ind2=" " tag="500"><subfield code="a">Editors: Richard H. Swift, &lt;1866-1867&gt;; C.H. Bingham, &lt;1870&gt;.</subfield></datafield><datafield ind1=" " ind2=" " tag="500"><subfield code="a">Publisher: Milton L. Wilson, 1872.</subfield></datafield><datafield ind1=" " ind2=" " tag="530"><subfield code="a">Archived issues are available in digital format from the Library of Congress Chronicling America online collection.</subfield></datafield><datafield ind1=" " ind2=" " tag="588"><subfield code="a">Description based on: Vol. 4, no. 40 = whole no. 196 (Sept. 29, 1865).</subfield></datafield><datafield ind1=" " ind2="0" tag="651"><subfield code="a">Brookville (Ind.)</subfield><subfield code="v">Newspapers.</subfield></datafield><datafield ind1=" " ind2="7" tag="655"><subfield code="a">Newspapers.</subfield><subfield code="2">rbgenr</subfield></datafield><datafield ind1=" " ind2="7" tag="655"><subfield code="a">Newspapers.</subfield><subfield code="2">fast</subfield><subfield code="0">(OCoLC)fst01423814</subfield></datafield><datafield ind1=" " ind2="7" tag="651"><subfield code="a">Indiana</subfield><subfield code="z">Brookville.</subfield><subfield code="2">fast</subfield><subfield code="0">(OCoLC)fst01238716</subfield></datafield><datafield ind1=" " ind2=" " tag="752"><subfield code="a">United States</subfield><subfield code="b">Indiana</subfield><subfield code="c">Franklin</subfield><subfield code="d">Brookville.</subfield></datafield><datafield ind1="0" ind2="8" tag="776"><subfield code="i">Online version:</subfield><subfield code="t">Indiana American (Brookville, Ind. : 1865 : Online)</subfield><subfield code="x">2372-529X</subfield><subfield code="w">(DLC)  2014218279</subfield><subfield code="w">(OCoLC)877955775</subfield></datafield><datafield ind1="0" ind2="0" tag="780"><subfield code="t">National defender</subfield><subfield code="w">(DLC)sn 84045443</subfield></datafield><datafield ind1="0" ind2="0" tag="785"><subfield code="t">Brookville American (Brookville, Ind. : 1872)</subfield><subfield code="w">(DLC)sn 85048145</subfield></datafield><datafield ind1="4" ind2="1" tag="856"><subfield code="u">http://www.loc.gov/chroniclingamerica/lccn/sn84023882/issues</subfield></datafield></record>